@unpublished{parentSignificanceClassAssociation2014,
  title = {Significance of {{Class}} Association of {{Shoe Prints}}},
  author = {Parent, Sandy},
  date = {2014},
  url = {https://www.slideserve.com/ayasha/significance-of-class-association-of-shoe-prints}
}

@article{grossVariabilitySignificanceClass2013,
  title = {The Variability and Significance of Class Characteristics in Footwear Impressions},
  author = {Gross, Susan and Jeppesen, Dane and Neumann, Cedric},
  year = {2013},
  journal = {Journal of Forensic Identification},
  volume = {63},
  number = {3},
  pages = {332}
}

@book{bodziakFootwearImpressionEvidence2000,
  title = {Footwear {{Impression Evidence}}: {{Detection}}, {{Recovery}}, and {{Examination}}},
  author = {Bodziak, William J.},
  year = {2000},
  publisher = {{CRC Press}},
  location = {{Boca Raton, Florida}},
  isbn = {0-8493-1045-8}
}

@article{girshickFastRCNN2015,
  title={Faster r-cnn: Towards real-time object detection with region proposal networks},
  author={Ren, Shaoqing and He, Kaiming and Girshick, Ross and Sun, Jian},
  journal={Advances in neural information processing systems},
  volume={28},
  year={2015}
}
@inproceedings{zhangAdaptingConvolutionalNeural2017,
  title = {Adapting {{Convolutional Neural Networks}} on the {{Shoeprint Retrieval}} for {{Forensic Use}}},
  booktitle = {Biometric {{Recognition}}},
  author = {Zhang, Yang and Fu, Huanzhang and Dellandr\'ea, Emmanuel and Chen, Liming},
  editor = {Zhou, Jie and Wang, Yunhong and Sun, Zhenan and Xu, Yong and Shen, Linlin and Feng, Jianjiang and Shan, Shiguang and Qiao, Yu and Guo, Zhenhua and Yu, Shiqi},
  year = {2017},
  series = {Lecture {{Notes}} in {{Computer Science}}},
  pages = {520--527},
  publisher = {{Springer International Publishing}},
  isbn = {978-3-319-69923-3},
  langid = {english},
  keywords = {Convolutional neural network,Deep learning,Feature extraction,Fine-tuning,Shoeprint retrieval},
  annotation = {00002}
}
